<?xml version="1.0" encoding="UTF-8"?><record xmlns="http://www.loc.gov/MARC21/slim" xmlns:cinclude="http://apache.org/cocoon/include/1.0" xmlns:zs="http://www.loc.gov/zing/srw/">
  <leader>00399cz  a2200133n  4500</leader>
  <controlfield tag="001">n  87135213 </controlfield>
  <controlfield tag="003">DLC</controlfield>
  <controlfield tag="005">20080417075902.0</controlfield>
  <controlfield tag="008">871014n| acannaabn          |n aad      </controlfield>
  <datafield tag="010" ind1=" " ind2=" ">
    <subfield code="a">n  87135213 </subfield>
  </datafield>
  <datafield tag="035" ind1=" " ind2=" ">
    <subfield code="a">(OCoLC)oca01960717</subfield>
  </datafield>
  <datafield tag="040" ind1=" " ind2=" ">
    <subfield code="a">DLC</subfield>
    <subfield code="b">eng</subfield>
    <subfield code="c">DLC</subfield>
    <subfield code="d">OCoLC</subfield>
  </datafield>
  <datafield tag="100" ind1="1" ind2=" ">
    <subfield code="a">Harari, Leo</subfield>
  </datafield>
  <datafield tag="670" ind1=" " ind2=" ">
    <subfield code="a">nuc87-105314: His La nostalgia tiene bolsillo, 1985</subfield>
    <subfield code="b">(hdg. on TxU rept.: Harari, Leo; usage: Leo Harari)</subfield>
  </datafield>
</record>